<record><leader>00000cas a22000007a 4500</leader><controlfield tag="001">11181815</controlfield><controlfield tag="008">840921c19019999wiuwr ne      0   a0eng d</controlfield><datafield ind1=" " ind2=" " tag="010"><subfield code="a">sn 84007046 </subfield></datafield><datafield ind1=" " ind2=" " tag="040"><subfield code="a">NSD</subfield><subfield code="b">eng</subfield><subfield code="c">NSD</subfield><subfield code="d">NPV</subfield><subfield code="d">OCLCQ</subfield></datafield><datafield ind1=" " ind2=" " tag="012"><subfield code="l">1</subfield></datafield><datafield ind1="1" ind2=" " tag="022"><subfield code="a">0749-7091</subfield><subfield code="l">0749-7091</subfield><subfield code="2">1</subfield></datafield><datafield ind1=" " ind2=" " tag="037"><subfield code="b">Mount Horeb Mail, 118 E. Main, Mt. Horeb, WI 53572</subfield></datafield><datafield ind1=" " ind2=" " tag="042"><subfield code="a">nsdp</subfield></datafield><datafield ind1=" " ind2=" " tag="043"><subfield code="a">n-us-wi</subfield></datafield><datafield ind1=" " ind2=" " tag="045"><subfield code="a">x0--</subfield></datafield><datafield ind1=" " ind2=" " tag="052"><subfield code="a">4123</subfield><subfield code="b">D3</subfield></datafield><datafield ind1=" " ind2="0" tag="222"><subfield code="a">Mount Horeb mail</subfield></datafield><datafield ind1="0" ind2="0" tag="245"><subfield code="a">Mount Horeb mail.</subfield></datafield><datafield ind1="3" ind2="0" tag="246"><subfield code="a">Mail</subfield></datafield><datafield ind1="1" ind2="7" tag="246"><subfield code="a">Mt. Horeb mail</subfield></datafield><datafield ind1=" " ind2=" " tag="260"><subfield code="a">Mount Horeb, Wis. :</subfield><subfield code="b">O.M. Eidsmore</subfield></datafield><datafield ind1=" " ind2=" " tag="300"><subfield code="a">v. :</subfield><subfield code="b">ill.</subfield></datafield><datafield ind1=" " ind2=" " tag="310"><subfield code="a">Weekly</subfield></datafield><datafield ind1="1" ind2=" " tag="362"><subfield code="a">Began with Nov. 13, 1901 issue.</subfield><subfield code="z">Cf. Oehlerts, d. Guide to Wis. newspapers.</subfield></datafield><datafield ind1=" " ind2=" " tag="500"><subfield code="a">Publisher varies.</subfield></datafield><datafield ind1=" " ind2=" " tag="500"><subfield code="a">Editors: O.M. Eidsmore, &lt;Dec. 18, 1901&gt;-&lt;Oct. 29, 1902&gt;; A.C. Krohn, &lt;Jan. 15, 1926&gt;-Aug. 3, 1950; E. Krohn, Aug. 10, 1950-Sept. 29, 1960; A.K. Fosshage, Oct. 6, 1960-Sept. 28, 1961; A.K. Fosshage &amp; Mrs. E. Krohn, Oct. 5, 1961-Jan. 10, 1962; G.D. Greve, Jan. 17, 1962-June 3, 1965; M. Patenaude, April 8, 1971-May 23, 1974; D. Lawrence, June 27, 1974-Jan. 31, 1980; S. Haswell, March 13, 1980-May 8, 1980; J. La Tour, May 29, 1980-Dec. 24, 1981; R.C. Mulhern, Dec. 31, 1981-Feb. 4, 1982; G. Conrad, March 18, 1982-May 26, 1983; J. Matthews, June 9, 1983-</subfield></datafield><datafield ind1=" " ind2=" " tag="525"><subfield code="a">Supplements accompany some issues.</subfield></datafield><datafield ind1=" " ind2=" " tag="530"><subfield code="a">Available on microfilm from The State Historical Society of Wisconsin.</subfield></datafield><datafield ind1=" " ind2=" " tag="588"><subfield code="a">Description based on: Vol. 1, no. 6 (Dec. 18, 1901).</subfield></datafield><datafield ind1=" " ind2=" " tag="752"><subfield code="a">United States</subfield><subfield code="b">Wisconsin</subfield><subfield code="c">Dane</subfield><subfield code="d">Mount Horeb.</subfield></datafield><datafield ind1="1" ind2=" " tag="029"><subfield code="a">AU@</subfield><subfield code="b">000025806445</subfield></datafield></record>